@book{aubin1999set,
  title={Set-valued analysis},
  author={Aubin, Jean-Pierre and Aubin, Jean-Pierre},
  year={1999},
  publisher={Springer}
}